<record><leader>00000cas a22000007a 4500</leader><controlfield tag="001">12088034</controlfield><controlfield tag="008">850528d197519uuinuwr ne      0    0eng d</controlfield><datafield ind1=" " ind2=" " tag="010"><subfield code="a">sn 85047921 </subfield></datafield><datafield ind1=" " ind2=" " tag="040"><subfield code="a">NPI</subfield><subfield code="b">eng</subfield><subfield code="c">NPI</subfield><subfield code="d">OCLCQ</subfield></datafield><datafield ind1=" " ind2=" " tag="042"><subfield code="a">msc</subfield></datafield><datafield ind1="0" ind2=" " tag="130"><subfield code="a">Chronicle (Scottsburg, Ind.)</subfield></datafield><datafield ind1="1" ind2="4" tag="245"><subfield code="a">The chronicle.</subfield></datafield><datafield ind1=" " ind2=" " tag="260"><subfield code="a">Scottsburg, Ind. :</subfield><subfield code="b">Journal &amp; Chronicle, Inc.,</subfield><subfield code="c">1975-</subfield></datafield><datafield ind1=" " ind2=" " tag="300"><subfield code="a">v. :</subfield><subfield code="b">ill. ;</subfield><subfield code="c">58 cm.</subfield></datafield><datafield ind1=" " ind2=" " tag="310"><subfield code="a">Weekly</subfield></datafield><datafield ind1="0" ind2=" " tag="362"><subfield code="a">Vol. 95, no. 40 (Oct. 1, 1975)-</subfield></datafield><datafield ind1=" " ind2=" " tag="500"><subfield code="a">Between Oct. 4, 1978 and March 28, 1979 "The Chronicle" (Scottsburg, Ind.)--was issued as part of "The Scott County journal" (Scottsburg, Ind.).</subfield></datafield><datafield ind1=" " ind2=" " tag="500"><subfield code="a">"Republican."</subfield></datafield><datafield ind1=" " ind2=" " tag="752"><subfield code="a">United States</subfield><subfield code="b">Indiana</subfield><subfield code="c">Scott</subfield><subfield code="d">Scottsburg.</subfield></datafield><datafield ind1="0" ind2="0" tag="780"><subfield code="t">Chronicle weekender</subfield><subfield code="w">(DLC)sn 85047920</subfield></datafield><datafield ind1="1" ind2=" " tag="029"><subfield code="a">AU@</subfield><subfield code="b">000025839347</subfield></datafield></record>